<?xml version="1.0" encoding="UTF-8"?><collection xmlns="http://www.loc.gov/MARC21/slim"><record><leader>00387nam--2200133-i-4500</leader><controlfield tag="001">000034985</controlfield><controlfield tag="002">20161230</controlfield><controlfield tag="005">20161230201040</controlfield><controlfield tag="008">060222s1000------------r-----000-0-eng-d</controlfield><datafield ind1=" " ind2=" " tag="080"><subfield code="a">65.011</subfield></datafield><datafield ind1=" " ind2=" " tag="100"><subfield code="a">Murgescu, Costin</subfield></datafield><datafield ind1=" " ind2=" " tag="245"><subfield code="a">Echipa de conducere in unitatile economice. eseuri despre munca si conducerea colectiva</subfield></datafield><datafield ind1=" " ind2=" " tag="260"><subfield code="a">Bucuresti, Editura Politica, 1971, 287p</subfield></datafield><datafield ind1=" " ind2=" " tag="852"><subfield code="a">75686</subfield></datafield></record></collection>